@manual{intel2017man,
  author = {{Intel Corporation}},
  title = {Intel 64 and IA-32 Architectures Software Developerâ€™s Manual},
  year = {2016},
  month = apr,
  organization = {Intel Corporation},
  note = {\url{http://www.intel.com/content/www/us/en/processors/architectures-software-developer-manuals.html},
   visited 2017-08-19}
}

@manual{splitspeed,
    author = {{Tsz-Wo Sze}},
    title = {A Fast Self-correcting pi Algorithm},
    year = {2019},
    month = dec,
    note = {\url{https://arxiv.org/pdf/1912.05319.pdf},
    visited 2023-01-21}
}

@manual{divisionclass,
    author = {{M.J Flynn}},
    title = {Chapter 5: Division},
    year = {2002},
    month = sep,
    note = {\url{https://web.stanford.edu/class/ee486/doc/chap5.pdf},
    visited 2023-01-20}
}

@manual{linear-approximation,
    author={{Pandey, Pawan Kumar and Singh, Dilip and Chandel, Rajeevan}},
    title = {Proceeding of Fifth International Conference on Microelectronics, Computing and Communication Systems},
    publisher={Springer Singapore},
    year = {2020},
    month = sep,
    pages = {225--234},
    note = {\url{https://link.springer.com/book/10.1007/978-981-16-0275-7#bibliographic-information},
    visited 2023-01-21}
}

@manual{Vestias2013,
	author={{Vestias, Mario P. and Neto, Horacio C.}},
	title={Decimal Division Using the Newton--Raphson Method and Radix-1000 Arithmetic},
	publisher={Springer New York},
	year={2013},
	pages={31--54},
	note = {\url{https://doi.org/10.1007/978-1-4614-1362-2_2}, visited 2023-01-24}
}

@manual{BBPAlg,
    author = {{David H. Bailey}},
    title = {The BBP Algorithm for Pi},
    year = {2006},
    month = sep,
    note = {\url{https://www.experimentalmath.info/bbp-codes/bbp-alg.pdf},
    visited 2023-01-21}
}

@manual{TimeBBP,
    author = {{David H. Bailey, Peter Borwein, and Simon Plouffe}},
    title = {ON THE RAPID COMPUTATION OF VARIOUS POLYLOGARITHMIC CONSTANTS},
    organization = {NSERC of Canada},
    note = {\url{https://www.davidhbailey.com/dhbpapers/digits.pdf},
    visited 2023-01-21}
}

@manual{leibnizTime ,
    author = {{Madeleine Jansson}},
    title = {Approximation of pi},
    organization = {Lund University/LTH},
    note = {\url{https://lup.lub.lu.se/luur/download?func=downloadFile&recordOId=8983341&fileOId=8983342},
    visited 2023-01-21}
}